<?xml version="1.0" encoding="UTF-8"?><collection xmlns="http://www.loc.gov/MARC21/slim"><record><leader>00401nam--2200133-i-4500</leader><controlfield tag="001">000026304</controlfield><controlfield tag="002">20161230</controlfield><controlfield tag="005">20161230201036</controlfield><controlfield tag="008">060222s1000------------r-----000-0-eng-d</controlfield><datafield ind1=" " ind2=" " tag="080"><subfield code="a">621.376.9</subfield></datafield><datafield ind1=" " ind2=" " tag="100"><subfield code="a">Karp, Sherman</subfield></datafield><datafield ind1=" " ind2=" " tag="245"><subfield code="a">A statistical model for radiation with applications to optical communications. thesis</subfield></datafield><datafield ind1=" " ind2=" " tag="260"><subfield code="a">Ann Arbor, University Microfilms, Inc., 1967, Iv + 145p</subfield></datafield><datafield ind1=" " ind2=" " tag="852"><subfield code="a">29322</subfield></datafield></record></collection>